@article{MeijerinkBosman2022,
  title = {Discovering trends of social interaction behavior over time: An introduction to relational event modeling: Trends of social interaction},
  volume = {55},
  ISSN = {1554-3528},
  url = {http://dx.doi.org/10.3758/s13428-022-01821-8},
  DOI = {10.3758/s13428-022-01821-8},
  number = {3},
  journal = {Behavior Research Methods},
  publisher = {Springer Science and Business Media LLC},
  author = {Meijerink-Bosman,  Marlyne and Back,  Mitja and Geukes,  Katharina and Leenders,  Roger and Mulder,  Joris},
  year = {2022},
  month = may,
  pages = {997–1023}
}

@article{Butts2008,
  title = {4. A Relational Event Framework for Social Action},
  volume = {38},
  ISSN = {1467-9531},
  url = {http://dx.doi.org/10.1111/j.1467-9531.2008.00203.x},
  DOI = {10.1111/j.1467-9531.2008.00203.x},
  number = {1},
  journal = {Sociological Methodology},
  publisher = {SAGE Publications},
  author = {Butts,  Carter T.},
  year = {2008},
  month = jul,
  pages = {155–200}
}

@article{Karimova2023,
  title = {Separating the wheat from the chaff: Bayesian regularization in dynamic social networks},
  volume = {74},
  ISSN = {0378-8733},
  url = {http://dx.doi.org/10.1016/j.socnet.2023.02.006},
  DOI = {10.1016/j.socnet.2023.02.006},
  journal = {Social Networks},
  publisher = {Elsevier BV},
  author = {Karimova,  Diana and Leenders,  Roger Th.A.J. and Meijerink-Bosman,  Marlyne and Mulder,  Joris},
  year = {2023},
  month = jul,
  pages = {139–155}
}

@article{Leenders2016,
  title = {Once upon a time: Understanding team processes as relational event networks},
  volume = {6},
  ISSN = {2041-3874},
  url = {http://dx.doi.org/10.1177/2041386615578312},
  DOI = {10.1177/2041386615578312},
  number = {1},
  journal = {Organizational Psychology Review},
  publisher = {SAGE Publications},
  author = {Leenders,  Roger Th. A. J. and Contractor,  Noshir S. and DeChurch,  Leslie A.},
  year = {2016},
  month = feb,
  pages = {92–115}
}

@article{Valeeva2020,
  title = {The duality of firms and directors in board interlock networks: A relational event modeling approach},
  volume = {62},
  ISSN = {0378-8733},
  url = {http://dx.doi.org/10.1016/j.socnet.2020.02.009},
  DOI = {10.1016/j.socnet.2020.02.009},
  journal = {Social Networks},
  publisher = {Elsevier BV},
  author = {Valeeva,  Diliara and Heemskerk,  Eelke M. and Takes,  Frank W.},
  year = {2020},
  month = jul,
  pages = {68–79}
}

@article{David2018,
  title = {Analysing communication dynamics at the transaction level: the case of Air France Flight 447},
  volume = {20},
  ISSN = {1435-5566},
  url = {http://dx.doi.org/10.1007/s10111-018-0506-y},
  DOI = {10.1007/s10111-018-0506-y},
  number = {4},
  journal = {Cognition,  Technology &amp; Work},
  publisher = {Springer Science and Business Media LLC},
  author = {David,  Lida Z. and Schraagen,  Jan Maarten},
  year = {2018},
  month = jul,
  pages = {637–649}
}

@article{Marquardt1975,
  title = {Ridge Regression in Practice},
  volume = {29},
  ISSN = {1537-2731},
  url = {http://dx.doi.org/10.1080/00031305.1975.10479105},
  DOI = {10.1080/00031305.1975.10479105},
  number = {1},
  journal = {The American Statistician},
  publisher = {Informa UK Limited},
  author = {Marquardt,  Donald W. and Snee,  Ronald D.},
  year = {1975},
  month = feb,
  pages = {3–20}
}

@article{Tibshirani1996,
  title={Regression shrinkage and selection via the lasso},
  author={Tibshirani, Robert},
  journal={Journal of the Royal Statistical Society Series B: Statistical Methodology},
  volume={58},
  number={1},
  pages={267--288},
  year={1996},
  publisher={Oxford University Press}
}

@article{vanErp2019,
  title = {Shrinkage priors for Bayesian penalized regression},
  volume = {89},
  ISSN = {0022-2496},
  url = {http://dx.doi.org/10.1016/j.jmp.2018.12.004},
  DOI = {10.1016/j.jmp.2018.12.004},
  journal = {Journal of Mathematical Psychology},
  publisher = {Elsevier BV},
  author = {van Erp,  Sara and Oberski,  Daniel L. and Mulder,  Joris},
  year = {2019},
  month = apr,
  pages = {31–50}
}

@article{Karimova2024,
  title = {Honey,  I Shrunk the Irrelevant Effects! Simple and Fast Approximate Bayesian Regularization},
  url = {http://dx.doi.org/10.2139/ssrn.5004107},
  DOI = {10.2139/ssrn.5004107},
  publisher = {Elsevier BV},
  author = {Karimova,  Diana and van Erp,  Sara and Leenders,  Roger and Mulder,  Joris},
  year = {2024}
}

@misc{remulate,
    title={Simulating Relational Event Histories - Why and How}, 
    author={Rumana Lakdawala and Joris Mulder and Roger Leenders},
    year={2024},
    eprint={2403.19329},
    archivePrefix={arXiv},
    primaryClass={cs.SI}
}

@Manual{remstats,
    title = {remstats: Computes Statistics for Relational Event History Data},
    author = {Giuseppe Arena and Marlyne Meijerink-Bosman},
    year = {2024},
    note = {R package version 3.2.2},
    url = {https://CRAN.R-project.org/package=remstats}
}

@Manual{remstimate,
    title = {remstimate: Optimization Frameworks for Tie-Oriented and Actor-Oriented
Relational Event Models},
    author = {Giuseppe Arena and Rumana Lakdawala and Fabio {Generoso Vieira}},
    year = {2024},
    note = {R package version 2.3.11},
    url = {https://CRAN.R-project.org/package=remstimate},
}

@Manual{remify,
    title = {remify: Processing and Transforming Relational Event History Data},
    author = {Giuseppe Arena},
    year = {2024},
    note = {R package version 3.2.6},
    url = {https://CRAN.R-project.org/package=remify},
  }

@article{Hoerl1970,
  title = {Ridge Regression: Biased Estimation for Nonorthogonal Problems},
  volume = {12},
  ISSN = {1537-2723},
  url = {http://dx.doi.org/10.1080/00401706.1970.10488634},
  DOI = {10.1080/00401706.1970.10488634},
  number = {1},
  journal = {Technometrics},
  publisher = {Informa UK Limited},
  author = {Hoerl,  Arthur E. and Kennard,  Robert W.},
  year = {1970},
  month = feb,
  pages = {55–67}
}

@Manual{R,
    title = {R: A Language and Environment for Statistical Computing},
    author = {{R Core Team}},
    organization = {R Foundation for Statistical Computing},
    address = {Vienna, Austria},
    year = {2024},
    url = {https://www.R-project.org/},
  }

@misc{spotify,
  author       = {Spotify},
  title        = {Spotify Collaboration Dataset},
  year         = 2024,
  url          = {https://www.spotify.com},
  note         = {Data scraped from Spotify containing song, artists and song and artist characteristics (such as genre).},
  howpublished = {\url{https://www.spotify.com}}
}

@article{Butts2023,
  title = {Relational event models in network science},
  volume = {11},
  ISSN = {2050-1250},
  url = {http://dx.doi.org/10.1017/nws.2023.9},
  DOI = {10.1017/nws.2023.9},
  number = {2},
  journal = {Network Science},
  publisher = {Cambridge University Press (CUP)},
  author = {Butts,  Carter T. and Lomi,  Alessandro and Snijders,  Tom A. B. and Stadtfeld,  Christoph},
  year = {2023},
  month = may,
  pages = {175–183}
}

@article{ShafieeKamalabad2023,
  title = {What is the Point of Change? Change Point Detection in Relational Event Models},
  volume = {74},
  ISSN = {0378-8733},
  url = {http://dx.doi.org/10.1016/j.socnet.2023.03.004},
  DOI = {10.1016/j.socnet.2023.03.004},
  journal = {Social Networks},
  publisher = {Elsevier BV},
  author = {Shafiee Kamalabad,  Mahdi and Leenders,  Roger and Mulder,  Joris},
  year = {2023},
  month = jul,
  pages = {166–181}
}

@incollection{vanErp2020,
  author = {Sara van Erp},
  title = {A Tutorial on Bayesian Penalized Regression with Shrinkage Priors for Small Sample Sizes},
  booktitle = {Small Sample Size Solutions: A Guide for Applied Researchers and Practitioners},
  editor = {Rens van de Schoot and Milica Miočević},
  publisher = {Routledge},
  year = {2020},
  pages = {14},
  edition = {1st},
  doi = {10.4324/9780429273872},
  isbn = {9780429273872},
  url = {http://dx.doi.org/10.4324/9780429273872}
}

@article{Mulder2019,
  title = {Modeling the evolution of interaction behavior in social networks: A dynamic relational event approach for real-time analysis},
  volume = {119},
  ISSN = {0960-0779},
  url = {http://dx.doi.org/10.1016/j.chaos.2018.11.027},
  DOI = {10.1016/j.chaos.2018.11.027},
  journal = {Chaos,  Solitons &amp; Fractals},
  publisher = {Elsevier BV},
  author = {Mulder,  Joris and Leenders,  Roger Th.A.J.},
  year = {2019},
  month = feb,
  pages = {73–85}
}

@article{Hastie2015,
  title={Statistical learning with sparsity},
  author={Hastie, Trevor and Tibshirani, Robert and Wainwright, Martin},
  journal={Monographs on statistics and applied probability},
  volume={143},
  number={143},
  pages={8},
  year={2015}
}

@misc{lastfm_api,
  author       = {{last.fm}},
  title        = {Last.fm Music Discovery {API}},
  howpublished = {\url{https://www.last.fm/api/}},
  year         = 2024
}

@article{Schecter2020,
  title = {The Power,  Accuracy,  and Precision of the Relational Event Model},
  volume = {24},
  ISSN = {1552-7425},
  url = {http://dx.doi.org/10.1177/1094428120963830},
  DOI = {10.1177/1094428120963830},
  number = {4},
  journal = {Organizational Research Methods},
  publisher = {SAGE Publications},
  author = {Schecter,  Aaron and Quintane,  Eric},
  year = {2020},
  month = oct,
  pages = {802–829}
}

@article{Olivier2017,
  title = {Relative effect sizes for measures of risk},
  volume = {46},
  ISSN = {1532-415X},
  url = {http://dx.doi.org/10.1080/03610926.2015.1134575},
  DOI = {10.1080/03610926.2015.1134575},
  number = {14},
  journal = {Communications in Statistics - Theory and Methods},
  publisher = {Informa UK Limited},
  author = {Olivier,  Jake and May,  Warren L. and Bell,  Melanie L.},
  year = {2017},
  month = mar,
  pages = {6774–6781}
}

@misc{Lakdawala2024,
  doi = {10.48550/ARXIV.2403.19329},
  url = {https://arxiv.org/abs/2403.19329},
  author = {Lakdawala,  Rumana and Mulder,  Joris and Leenders,  Roger},
  keywords = {Social and Information Networks (cs.SI),  Methodology (stat.ME),  FOS: Computer and information sciences,  FOS: Computer and information sciences},
  title = {Simulating Relational Event Histories: Why and How},
  publisher = {arXiv},
  year = {2024},
  copyright = {Creative Commons Attribution 4.0 International}
}

@article{Casella2010,
  title = {Penalized regression,  standard errors,  and Bayesian lassos},
  volume = {5},
  ISSN = {1936-0975},
  url = {http://dx.doi.org/10.1214/10-BA607},
  DOI = {10.1214/10-ba607},
  number = {2},
  journal = {Bayesian Analysis},
  publisher = {Institute of Mathematical Statistics},
  author = {Casella,  George and Ghosh,  Malay and Gill,  Jeff and Kyung,  Minjung},
  year = {2010},
  month = jun 
}

@article{Zou2006,
  title = {The Adaptive Lasso and Its Oracle Properties},
  volume = {101},
  ISSN = {1537-274X},
  url = {http://dx.doi.org/10.1198/016214506000000735},
  DOI = {10.1198/016214506000000735},
  number = {476},
  journal = {Journal of the American Statistical Association},
  publisher = {Informa UK Limited},
  author = {Zou,  Hui},
  year = {2006},
  month = dec,
  pages = {1418–1429}
}

@article{Park2008,
  title = {The Bayesian Lasso},
  volume = {103},
  ISSN = {1537-274X},
  url = {http://dx.doi.org/10.1198/016214508000000337},
  DOI = {10.1198/016214508000000337},
  number = {482},
  journal = {Journal of the American Statistical Association},
  publisher = {Informa UK Limited},
  author = {Park,  Trevor and Casella,  George},
  year = {2008},
  month = jun,
  pages = {681–686}
}

@article{Carvalho2010,
  title = {The horseshoe estimator for sparse signals},
  volume = {97},
  ISSN = {1464-3510},
  url = {http://dx.doi.org/10.1093/biomet/asq017},
  DOI = {10.1093/biomet/asq017},
  number = {2},
  journal = {Biometrika},
  publisher = {Oxford University Press (OUP)},
  author = {Carvalho,  C. M. and Polson,  N. G. and Scott,  J. G.},
  year = {2010},
  month = apr,
  pages = {465–480}
}

@article{Loesgen1990,
  title = {A generalization and Bayesian interpretation of ridge-type estimators with good prior means},
  volume = {31},
  ISSN = {1613-9798},
  url = {http://dx.doi.org/10.1007/BF02924684},
  DOI = {10.1007/bf02924684},
  number = {1},
  journal = {Statistical Papers},
  publisher = {Springer Science and Business Media LLC},
  author = {Loesgen,  K. H.},
  year = {1990},
  month = dec,
  pages = {147–154}
}

@article{Amati2024,
  title = {A goodness of fit framework for relational event models},
  volume = {187},
  ISSN = {1467-985X},
  url = {http://dx.doi.org/10.1093/jrsssa/qnae016},
  DOI = {10.1093/jrsssa/qnae016},
  number = {4},
  journal = {Journal of the Royal Statistical Society Series A: Statistics in Society},
  publisher = {Oxford University Press (OUP)},
  author = {Amati,  Viviana and Lomi,  Alessandro and Snijders,  Tom A B},
  year = {2024},
  month = mar,
  pages = {967–988}
}

@misc{Boschi2024,
  doi = {10.48550/ARXIV.2407.08599},
  url = {https://arxiv.org/abs/2407.08599},
  author = {Boschi,  Martina and Wit,  Ernst-Jan Camiel},
  keywords = {Methodology (stat.ME),  FOS: Computer and information sciences,  FOS: Computer and information sciences},
  title = {Goodness of fit of relational event models},
  publisher = {arXiv},
  year = {2024},
  copyright = {Creative Commons Attribution 4.0 International}
}

@article{Vieira2024,
  title = {Fast meta-analytic approximations for relational event models: applications to data streams and multilevel data},
  volume = {7},
  ISSN = {2432-2725},
  url = {http://dx.doi.org/10.1007/s42001-024-00290-7},
  DOI = {10.1007/s42001-024-00290-7},
  number = {2},
  journal = {Journal of Computational Social Science},
  publisher = {Springer Science and Business Media LLC},
  author = {Vieira,  Fabio and Leenders,  Roger and Mulder,  Joris},
  year = {2024},
  month = jun,
  pages = {1823–1859}
}

@article{Tranmer2015,
  title = {Using the relational event model (REM) to investigate the temporal dynamics of animal social networks},
  volume = {101},
  ISSN = {0003-3472},
  url = {http://dx.doi.org/10.1016/j.anbehav.2014.12.005},
  DOI = {10.1016/j.anbehav.2014.12.005},
  journal = {Animal Behaviour},
  publisher = {Elsevier BV},
  author = {Tranmer,  Mark and Marcum,  Christopher Steven and Morton,  F. Blake and Croft,  Darren P. and de Kort,  Selvino R.},
  year = {2015},
  month = mar,
  pages = {99–105}
}

@article{Niezink2022,
  title = {When Things Turn Sour: A Network Event Study of Organized Crime Violence},
  volume = {39},
  ISSN = {1573-7799},
  url = {http://dx.doi.org/10.1007/s10940-022-09540-1},
  DOI = {10.1007/s10940-022-09540-1},
  number = {3},
  journal = {Journal of Quantitative Criminology},
  publisher = {Springer Science and Business Media LLC},
  author = {Niezink,  Nynke M. D. and Campana,  Paolo},
  year = {2022},
  month = apr,
  pages = {655–678}
}

@article{Brandenberger2019,
  title={Predicting network events to assess goodness of fit of relational event models},
  author={Brandenberger, Laurence},
  journal={Political Analysis},
  volume={27},
  number={4},
  pages={556--571},
  year={2019},
  publisher={Cambridge University Press}
}