@article{Butts2008,
  title = {4. A Relational Event Framework for Social Action},
  volume = {38},
  ISSN = {1467-9531},
  url = {http://dx.doi.org/10.1111/j.1467-9531.2008.00203.x},
  DOI = {10.1111/j.1467-9531.2008.00203.x},
  number = {1},
  journal = {Sociological Methodology},
  publisher = {SAGE Publications},
  author = {Butts,  Carter T.},
  year = {2008},
  month = jul,
  pages = {155â€“200}
}